@MANUAL{launcher,
    title = "Co je to vlastně ten Launcher?",
    note = "[cit. 22.4.2013] \\ http://www.androidmarket.cz/navod/co-je-to-vlastne-ten-launcher/",
}
@MANUAL{platform,
    title = "Wikipedia - Počítačová platforma",
    note = "[cit. 22.4.2013] \\ http://cs.wikipedia.org/wiki/Platforma\_(informatika)",
}
@MANUAL{mobile_stats,
    title = "Mobile statistics",
    note = "[cit. 22.4.2013] \\  http://www.mobilestatistics.com/mobile-statistics/",
}
@MANUAL{market_share,
    title = "Mobile OS market share",
    note = "[cit. 22.4.2013] \\  http://stats.areppim.com/stats/stats\_mobiosxtime\_eu.htm",
}
@MANUAL{pcmag,
    title = "PCMag - Readers choice awards",
    note = "[cit. 22.4.2013] \\  http://www.pcmag.com/article2/0,2817,2402202,00.asp",
}
@MANUAL{amplified,
    title = "Amplified Analytics - Customer Satisfaction with Windows smart phones rise by 18\%",
    note = "[cit. 22.4.2013] \\  http://blog.amplifiedanalytics.com/2012/07/customer-satisfaction-with-windows-smart-phones-rise-by-18/",
}
@MANUAL{heureka,
    title = "Heureka",
    note = "[cit. 22.4.2013] \\  http://www.heureka.cz/",
}
@MANUAL{ios_apps,
    title = "Wikipedia - iOS included applications",
    note = "[cit. 22.4.2013] \\  http://en.wikipedia.org/wiki/IOS\#Included\_applications",
}
@MANUAL{pristupnost,
    title = "Přístupnost aplikací na Google Android",
    note = "[cit. 22.4.2013] \\ http://www.blind-android.cz/clanky/pristupnost-aplikaci.html",
}
@MANUAL{blind_apps,
    title = "Co se zabydlelo v mém Androidu",
    note = "[cit. 22.4.2013] \\ http://www.geekblind.com/2013/01/co-se-zabydlelo-v-mem-androidu.html",
}
@MANUAL{iphone,
    title = "Wikipedia - iPhone",
    note = "[cit. 22.4.2013] \\  http://cs.wikipedia.org/wiki/IPhone",
}
@MANUAL{iphone_anatomy,
    title = "Anatomy of iPhone",
    note = "[cit. 22.4.2013] \\  http://ipod.about.com/od/introductiontotheiphone/ss/Anatomy-Of-Iphone-4.htm",
}
@MANUAL{ipad_blind,
    title = "Přístupnost iPadu",
    note = "[cit. 22.4.2013] \\ http://poslepu.blogspot.cz/2011/05/ipad-standard-pristupnosti-dotykovych.html",
}
@MANUAL{iphone_blind,
    title = "Jablečné doteky: Apple iPhone 4S a uživatelské dojmy poslepu",
    note = "[cit. 22.4.2013] \\ http://fanapple.cz/jablecne-doteky-apple-iphone-4s-a-uzivatelske-dojmy-poslepu/",
}
@MANUAL{iphone_inside,
    title = "V útrobách jednoho iPhonu",
    note = "[cit. 22.4.2013] \\ http://www.geekblind.cz/?p=59",
}
@MANUAL{android_blind,
    title = "Přístupnost Androida 2.3.x pro zrakově postižené",
    note = "[cit. 22.4.2013] \\ http://www.androidmarket.cz/ruzne/pristupnost-androida-2-3-x-pro-zrakove-postizene/",
}
@MANUAL{android_start,
    title = "Jak začít se čtyřkovým Androidem?",
    note = "[cit. 22.4.2013] \\  http://www.blind-android.cz/clanky/ice-cream-sandwich-pod-lupou/1.-dil--jak-zacit-se-ctyrkovym-androidem-.html",
}
@MANUAL{touch_yes_or_no,
    title = "Úvaha: nevidomí a dotykové telefony, bezradní či ne?",
    note = "[cit. 22.4.2013] \\ http://geekblind.blogspot.cz/2012/10/uvaha-nevidomi-dotykove-telefony.html",
}
@MANUAL{win8_blind,
    title = "Ease of access settings improve Windows Phone 8 accessibility",
    note = "[cit. 22.4.2013] \\ http://allaboutwindowsphone.com/flow/item/15887\_Ease\_of\_access\_settings\_improv.php",
}
@MANUAL{win8_blind2,
    title = "Windows Phone 8 Accessibility",
    note = "[cit. 22.4.2013] \\ http://www.freelists.org/post/real-eyes/ATI-Windows-Phone-8-Accessibility",
}
@MANUAL{win8_no_reader,
    title = "Nokia talks accessibility, confirms there is no screen reader for Windows Phone 8",
    note = "[cit. 22.4.2013] \\ http://wmpoweruser.com/nokia-talks-accessibility-confirms-there-is-no-screen-reader-for-windows-phone-8/",
}
@MANUAL{iphone_blind_dev,
    title = "Accessibility on iPhone",
    note = "[cit. 22.4.2013] \\  http://developer.apple.com/library/ios/\#documentation/UserExperience/Conceptual/iPhoneAccessibility/Accessibility\_on\_iPhone/Accessibility\_on\_iPhone.html",
}
@MANUAL{android_blind_dev,
    title = "Accessibility",
    note = "[cit. 22.4.2013] \\  http://developer.android.com/guide/topics/ui/accessibility/index.html",
}
@MANUAL{cross_platform,
    title = "Cross-platform",
    note = "[cit. 22.4.2013] \\  http://en.wikipedia.org/wiki/Cross-platform",
}
@MANUAL{android_dev,
    title = "Android Developers",
    note = "[cit. 22.4.2013] \\  http://developer.android.com/",
}
@MANUAL{win_sdk,
    title = "Windows Phone SDK",
    note = "[cit. 22.4.2013] \\  https://dev.windowsphone.com/en-us/downloadsdk",
}
@MANUAL{win8_sdk,
    title = "Windows Phone SDK 8.0",
    note = "[cit. 22.4.2013] \\  http://www.microsoft.com/en-us/download/details.aspx?id=35471",
}
@MANUAL{iphone_shortcuts,
    title = "How To Create Custom Home Screen Shortcuts For Settings Toggles Without Jailbreaking",
    note = "[cit. 22.4.2013] \\  http://www.iphonehacks.com/2011/11/how-to-create-custom-home-screen-shortcuts-for-settings-toggles-without-jailbreaking.html",
}
@MANUAL{ios_jailbreak,
    title = "iOS jailbreaking",
    note = "[cit. 22.4.2013] \\  http://en.wikipedia.org/wiki/IOS\_jailbreaking",
}
@MANUAL{apple_about_jailbreak,
    title = "Apple oficiálně upozorňuje na negativa Jailbreaku",
    note = "[cit. 22.4.2013] \\  http://www.muj-ipad.cz/apple-oficialne-upozornuje-na-negativa-jailbreaku",
}
@MANUAL{iphone_launcher,
    title = "The Best App Launcher for iPhone",
    note = "[cit. 22.4.2013] \\  http://lifehacker.com/5836229/the-best-app-launcher-for-iphone",
}
@MANUAL{android_launcher,
    title = "Android Launcher - Git repository",
    note = "[cit. 22.4.2013] \\  https://android.googlesource.com/platform/packages/apps/Launcher2.git",
}
@MANUAL{android_adw_launcher,
    title = "adw-launcher-android",
    note = "[cit. 22.4.2013] \\  http://code.google.com/p/adw-launcher-android/",
}
@MANUAL{win_launcher,
    title = "Windows Phone - Tiler",
    note = "[cit. 22.4.2013] \\ http://www.windowsphone.com/en-us/store/app/tiler/a28a37f8-48a5-429c-b8e7-fd04e1ccf5da",
}
@MANUAL{win_launcher2,
    title = "Start Screen for Windows Phone 8",
    note = "[cit. 22.4.2013] \\ http://www.windowsphone.com/en-us/store/app/start-screen-for-windows-phone-8/621dc25e-9be7-497c-8ad9-7a621ea7ebf9",
}
@MANUAL{apple_url_scheme,
    title = "Apple URL Scheme Reference",
    note = "[cit. 22.4.2013] \\  http://developer.apple.com/library/ios/\#featuredarticles/iPhoneURLScheme\_Reference/Introduction/Introduction.html\#//apple\_ref/doc/uid/TP40007899",
}
@MANUAL{apple_app_launch,
    title = "Launch an app from within another (iPhone)",
    note = "[cit. 22.4.2013] \\  http://stackoverflow.com/questions/419119/launch-an-app-from-within-another-iphone",
}
@MANUAL{apple_app_launch2,
    title = "Launching Your iPhone App Via Custom URL Scheme",
    note = "[cit. 22.4.2013] \\  http://iosdevelopertips.com/cocoa/launching-your-own-application-via-a-custom-url-scheme.html",
}
@MANUAL{android_app_launch,
    title = "android: how do i open another app from my app?",
    note = "[cit. 22.4.2013] \\  http://stackoverflow.com/questions/2923265/android-how-do-i-open-another-app-from-my-app",
}
@MANUAL{win_app_launch,
    title = "Launch another app from wp7",
    note = "[cit. 22.4.2013] \\  http://stackoverflow.com/questions/13496119/launch-another-app-from-wp7",
}
@MANUAL{apple_listener,
    title = "Introduction to Calendars and Reminders",
    note = "[cit. 22.4.2013] \\  http://developer.apple.com/library/ios/\#documentation/DataManagement/Conceptual/EventKitProgGuide/Introduction/Introduction.html",
}
@MANUAL{apple_history,
    title = "Call history, SMS history, Email history in iOS",
    note = "[cit. 22.4.2013] \\  http://stackoverflow.com/questions/9822031/call-history-sms-history-email-history-in-ios",
}
@MANUAL{android_calendar,
    title = "Calendar Provider",
    note = "[cit. 22.4.2013] \\ http://developer.android.com/guide/topics/providers/calendar-provider.html",
}
@MANUAL{android_calendar2,
    title = "Android Calendar Events",
    note = "[cit. 22.4.2013] \\ http://stackoverflow.com/questions/4302209/android-calendar-events",
}
@MANUAL{android_calendar3,
    title = "Android: How to get calendar change events? Is calendar observer working?",
    note = "[cit. 22.4.2013] \\ http://stackoverflow.com/questions/9440993/how-to-get-calendar-change-events-is-calendar-observer-working",
}
@MANUAL{android_calendar4,
    title = "What is the best way to handle updates when the calendar syncs new events?",
    note = "[cit. 22.4.2013] \\ http://stackoverflow.com/questions/9170903/what-is-the-best-way-to-handle-updates-when-the-calendar-syncs-new-events",
}
@MANUAL{android_calllog,
    title = "Android: CallLog.Calls",
    note = "[cit. 22.4.2013] \\  http://developer.android.com/reference/android/provider/CallLog.Calls.html",
}
@MANUAL{android_sms,
    title = "Android 1.5: Reading SMS messages",
    note = "[cit. 22.4.2013] \\  http://stackoverflow.com/questions/900294/android-1-5-reading-sms-messages",
}
@MANUAL{android_observer,
    title = "Android: ContentObserver",
    note = "[cit. 22.4.2013] \\  http://developer.android.com/reference/android/database/ContentObserver.html",
}
@MANUAL{android_gps,
    title = "Android GPS on or off state",
    note = "[cit. 22.4.2013] \\  http://stackoverflow.com/questions/4300572/android-gps-on-or-off-state",
}
@MANUAL{android_wifi,
    title = "Android WifiManager",
    note = "[cit. 22.4.2013] \\  http://developer.android.com/reference/android/net/wifi/WifiManager.html\#isWifiEnabled()",
}
@MANUAL{android_profile,
    title = "How to check if phone is mute, vibrate or loud in android",
    note = "[cit. 22.4.2013] \\  http://stackoverflow.com/questions/11985448/how-to-check-if-phone-is-mute-vibrate-or-loud-in-android",
}
@MANUAL{win_calendar,
    title = "How to access calendar data for Windows Phone",
    note = "[cit. 22.4.2013] \\  http://msdn.microsoft.com/en-us/library/windowsphone/develop/hh286421(v=vs.105).aspx",
}
@MANUAL{win_incoming_event,
    title = "Windows Phone 8 support to capture SMS or a incoming call?",
    note = "[cit. 22.4.2013] \\  http://stackoverflow.com/questions/13176545/windows-phone-8-support-to-capture-sms-or-a-incoming-call",
}
@MANUAL{win_location,
    title = "Windows Phone: GeoCoordinateWatcher.Status Property ",
    note = "[cit. 22.4.2013] \\  http://msdn.microsoft.com/en-us/library/windowsphone/develop/ system.device.location.geocoordinatewatcher.status(v=vs.105).aspx",
}
@MANUAL{win_wifi,
    title = "WindowsPhone: DeviceNetworkInformation.IsWiFiEnabled Property ",
    note = "[cit. 22.4.2013] \\  http://msdn.microsoft.com/en-us/library/windowsphone/develop/ microsoft.phone.net.networkinformation.devicenetworkinformation .iswifienabled(v=vs.105).aspx",
}
@MANUAL{android_location,
    title = "Google Android: Location Strategies",
    note = "[cit. 22.4.2013] \\  http://developer.android.com/guide/topics/location/strategies.html",
}
@MANUAL{android_location_manager,
    title = "Google Android: LocationManager",
    note = "[cit. 22.4.2013] \\  http://developer.android.com/reference/android/location/LocationManager.html",
}
@MANUAL{class,
    title = "Class (Java 2 Platform SE v1.4.2)",
    note = "[cit. 22.4.2013] \\  http://docs.oracle.com/javase/1.4.2/docs/api/java/lang/Class.html",
}
@MANUAL{android_location_listener,
    title = "Google Android: LocationListener",
    note = "[cit. 22.4.2013] \\  http://developer.android.com/reference/android/location/LocationListener.html",
}
@MANUAL{interface,
    title = "Interfaces (The Java Tutorials, Learning the Java Language, Interfaces and Inheritance)",
    note = "[cit. 22.4.2013] \\  http://docs.oracle.com/javase/tutorial/java/IandI/createinterface.html",
}
@MANUAL{active_record,
    title = "android-active-record",
    note = "[cit. 22.4.2013] \\  http://code.google.com/p/android-active-record/",
}
@MANUAL{ormlite,
    title = "OrmLite - Lightweight Java ORM Supports Android and SQLite ",
    note = "[cit. 22.4.2013] \\  http://ormlite.com/sqlite\_java\_android\_orm.shtml",
}
@MANUAL{ormdroid,
    title = "ORMDroid",
    note = "[cit. 22.4.2013] \\  https://github.com/roscopeco/ormdroid",
}
@MANUAL{greendao,
    title = "greenDAO – Android ORM for SQLite ",
    note = "[cit. 22.4.2013] \\  http://greendao-orm.com/",
}
@MANUAL{launchers_list,
    title = "Wikipedia: List of Android launchers",
    note = "[cit. 22.4.2013] \\  http://en.wikipedia.org/wiki/List\_of\_Android\_launchers",
}
@MANUAL{android_project_structure,
    title = "Struktura Google Android projektu",
    note = "[cit. 23.4.2013] \\ http://developer.android.com/tools/projects/index.html",
}
@MANUAL{android_i18n,
    title = "Android i18n",
    note = "[cit. 25.4.2013] \\ http://developer.android.com/guide/topics/resources/localization.html",
}
@MANUAL{github,
    title = "GitHub",
    note = "[cit. 29.4.2013] \\ https://github.com/",
}
@MANUAL{git,
    title = "Git version control system",
    note = "[cit. 29.4.2013] \\ http://git-scm.com/",
}
@MANUAL{svn,
    title = "Subversion version control system",
    note = "[cit. 22.4.2013] \\ http://subversion.apache.org/",
}
@MANUAL{github_project,
    title = "Náš projekt SmartLauncher na serveru GitHub",
    note = "[cit. 22.4.2013] \\ https://github.com/machbohu/smartlauncher",
}
@MANUAL{,
    title = "",
    note = "[cit. 22.4.2013] \\ ",
}
@MANUAL{,
    title = "",
    note = "[cit. 22.4.2013] \\ ",
}
@MANUAL{,
    title = "",
    note = "[cit. 22.4.2013] \\ ",
}
